<?xml version="1.0" encoding="UTF-8"?><record xmlns="http://www.loc.gov/MARC21/slim" xmlns:cinclude="http://apache.org/cocoon/include/1.0" xmlns:zs="http://www.loc.gov/zing/srw/">
  <leader>00496nz  a2200145n  4500</leader>
  <controlfield tag="001">no2005093883</controlfield>
  <controlfield tag="003">DLC</controlfield>
  <controlfield tag="005">20051007052044.0</controlfield>
  <controlfield tag="008">051004n| acannaabn          |n aaa     c</controlfield>
  <datafield tag="010" ind1=" " ind2=" ">
    <subfield code="a">no2005093883</subfield>
  </datafield>
  <datafield tag="035" ind1=" " ind2=" ">
    <subfield code="a">(OCoLC)oca06752518</subfield>
  </datafield>
  <datafield tag="040" ind1=" " ind2=" ">
    <subfield code="a">IAhCCS</subfield>
    <subfield code="b">eng</subfield>
    <subfield code="c">IAhCCS</subfield>
  </datafield>
  <datafield tag="100" ind1="1" ind2=" ">
    <subfield code="a">Landes, Michael,</subfield>
    <subfield code="d">1972-</subfield>
  </datafield>
  <datafield tag="670" ind1=" " ind2=" ">
    <subfield code="a">Lois &amp; Clark, the new adventures of Superman, 2005:</subfield>
    <subfield code="b">credits (Michael Landes)</subfield>
  </datafield>
  <datafield tag="670" ind1=" " ind2=" ">
    <subfield code="a">Internet movie database, Oct. 4, 2005</subfield>
    <subfield code="b">(Michael Landes, actor; b. Sept. 18, 1972 in Bronx, N.Y.)</subfield>
  </datafield>
</record>